@MISC {SansInstitute,
    author       = "Xin Jianqiang",
    title        = "Security Issues and countermeasure for VoIP",
    howpublished = "\url{http://www.sans.org/reading-room/whitepapers/voip/security-issues-countermeasure-voip-1701}"
}
@MISC {GIAC,
    author       = "Steve A. Rouiller",
    title        = "Virtual LAN Security: weaknesses and countermeasures",
    howpublished = "\url{http://www.sans.org/reading-room/whitepapers/networkdevs/virtual-lan-security-weaknesses-countermeasures-1090}"
}@MISC {SRTP,
    author       = "Various - IETF",
    title        = "The Secure Real-time Transport Protocol (SRTP)",
    howpublished = "IETF Request for comment 3711}"
}@MISC {IPv6,
    author       = "various - IETF",
    title        = "Internet Protocol, Version 6 (IPv6)",
    howpublished = "IETF Request for comment 1883}"
}
}@MISC {IPv4,
    author       = "various - IETF",
    title        = "Internet Protocol Darpa internet program",
    howpublished = "IETF Request for comment 791}"
}
@book{Xbook,
    author    = "Timothy V. Kelly",
    title     = "VOIP for Dummies",
    publisher = "Wiley publishing inc.",
    year      = "2005"
}
}@MISC {voipInfo,
    author       = "VOIP-info",
    title        = "Reference guide to all things VOIP",
    howpublished = "\url{http://www.voip-info.org/wiki/}"
}